
@article{andersen_generalised_2003,
	title = {Generalised linear models for correlated pseudo‐observations, with applications to multi‐state models},
	volume = {90},
	issn = {0006-3444},
	url = {https://academic.oup.com/biomet/article/90/1/15/218726},
	doi = {10.1093/biomet/90.1.15},
	language = {en},
	number = {1},
	urldate = {2019-08-20},
	journal = {Biometrika},
	author = {Andersen, Per Kragh and Klein, John P. and Rosthøj, Susanne},
	month = mar,
	year = {2003},
	pages = {15--27}
}


@Manual{prodlim,
    title = {prodlim: Product-Limit Estimation for Censored Event History Analysis},
    author = {Thomas A. Gerds},
    year = {2019},
    note = {R package version 2019.11.13},
    url = {https://CRAN.R-project.org/package=prodlim},
  }

   @Manual{survival-package,
    title = {A Package for Survival Analysis in R},
    author = {Terry M Therneau},
    year = {2020},
    note = {R package version 3.1-12},
    url = {https://CRAN.R-project.org/package=survival},
  }


  @article{overgaard2019pseudo,
  title={Pseudo-observations under covariate-dependent censoring},
  author={Overgaard, Morten and Parner, Erik Thorlund and Pedersen, Jan},
  journal={Journal of Statistical Planning and Inference},
  volume={202},
  pages={112--122},
  year={2019},
  publisher={Elsevier}
}


@article{beyersmann09,
  title={Simulating competing risks data in survival analysis},
  author={Beyersmann, Jan and Latouche, Aurelien and Buchholz, Anika and Schumacher, Martin},
  journal={Statistics in medicine},
  volume={28},
  number={6},
  pages={956--971},
  year={2009}
}

@article{parner2020cumulative,
  title={Cumulative risk regression in case--cohort studies using pseudo-observations},
  author={Parner, Erik T and Andersen, Per K and Overgaard, Morten},
  journal={Lifetime Data Analysis},
  pages={1--20},
  year={2020},
  publisher={Springer}
}

@book{jaeckel1972infinitesimal,
  title={The infinitesimal jackknife},
  author={Jaeckel, Louis A},
  year={1972},
  publisher={Bell Telephone Laboratories}
}

@incollection{efron1992bootstrap,
  title={Bootstrap methods: another look at the jackknife},
  author={Efron, Bradley},
  booktitle={Breakthroughs in statistics},
  pages={569--593},
  year={1992},
  publisher={Springer}
}


@article{andersen_pseudo-observations_2010,
	title = {Pseudo-observations in survival analysis},
	volume = {19},
	issn = {0962-2802, 1477-0334},
	url = {http://journals.sagepub.com/doi/10.1177/0962280209105020},
	doi = {10.1177/0962280209105020},
	language = {en},
	number = {1},
	urldate = {2019-08-19},
	journal = {Statistical Methods in Medical Research},
	author = {Andersen, Per Kragh and Pohar Perme, Maja},
	month = feb,
	year = {2010},
	pages = {71--99},
	file = {andersen_pohar_perme_2010_pseudo-observations_in_survival_analysis.pdf:C\:\\Users\\micsac\\Box Sync\\zotero-library\\Andersen_Pohar Perme\\andersen_pohar_perme_2010_pseudo-observations_in_survival_analysis.pdf:application/pdf}
}

@article{andersen_cause-specific_2013,
	title = {Cause-specific measures of life years lost},
	volume = {29},
	issn = {1435-9871},
	url = {http://www.demographic-research.org/volumes/vol29/41/},
	doi = {10.4054/DemRes.2013.29.41},
	abstract = {BACKGROUND A new measure of the number of life years lost due to speciﬁc causes of death is introduced.},
	language = {en},
	urldate = {2019-08-19},
	journal = {Demographic Research},
	author = {Andersen, Per Kragh and Canudas-Romo, Vladimir and Keiding, Niels},
	month = dec,
	year = {2013},
	pages = {1127--1152},
	file = {andersen_et_al_2013_cause-specific_measures_of_life_years_lost.pdf:C\:\\Users\\micsac\\Box Sync\\zotero-library\\Andersen et al\\andersen_et_al_2013_cause-specific_measures_of_life_years_lost.pdf:application/pdf}
}


@article{perme2008checking,
  title={Checking hazard regression models using pseudo-observations},
  author={Perme, Maja Pohar and Andersen, Per Kragh},
  journal={Statistics in Medicine},
  volume={27},
  number={25},
  pages={5309--5328},
  year={2008},
  publisher={Wiley Online Library}
}

